<?xml version="1.0" encoding="UTF-8"?><collection xmlns="http://www.loc.gov/MARC21/slim"><record><leader>00416nam--2200145-i-4500</leader><controlfield tag="001">000037937</controlfield><controlfield tag="002">20161230</controlfield><controlfield tag="005">20161230201041</controlfield><controlfield tag="008">060222s1000------------r-----000-0-eng-d</controlfield><datafield ind1=" " ind2=" " tag="080"><subfield code="a">517(076)</subfield></datafield><datafield ind1=" " ind2=" " tag="100"><subfield code="a">Radulescu,Marius Si Radulescu,Sorin</subfield></datafield><datafield ind1=" " ind2=" " tag="245"><subfield code="a">Teoreme si probleme de analiza matematica</subfield></datafield><datafield ind1=" " ind2=" " tag="260"><subfield code="a">Bucuresti, Ed.Didactica Si Pedagogica, 1982. 335 P</subfield></datafield><datafield ind1=" " ind2=" " tag="852"><subfield code="a">74909</subfield><subfield code="c">517</subfield></datafield><datafield ind1=" " ind2=" " tag="CAT"><subfield code="a">Sys</subfield><subfield code="c">20080708</subfield><subfield code="h">093830</subfield></datafield></record></collection>